
@article{webley2015supernatural,
  title={The Supernatural, Nazi Zombies, and the Play Instinct: The Gamification of War and the Reality of the Military Industrial Complex.},
  author={WEBLEY, Stephen},
  year={2015},
  publisher={Rowman \& Littlefield}
}

@article{tomcho2019motivating,
  title={Motivating Airmen to Engage with Technical Education: Experimentation and Analysis Using Modern Gamification Techniques},
  author={Tomcho, Landon GM},
  year={2019}
}

@article{noh2020gamification,
  title={The Gamification Framework of Military Flight Simulator for Effective Learning and Training Environment},
  author={Noh, Daeho},
  year={2020}
}

@article{joy2017investigation,
  title={An investigation into gamification as a tool for enhancing recruitment process},
  author={Joy, Manu Melwin and Assistant, J},
  journal={Ideal Research},
  volume={3},
  number={1},
  pages={56--65},
  year={2017}

}
@article{fletcher2000overview,
  title={An overview of military training},
  author={Fletcher, JD and Chatelier, Paul R},
  year={2000},
  publisher={INSTITUTE FOR DEFENSE ANALYSES ALEXANDRIA VA}
}